@misc{ChoEtal19,
	Author = {S.-C. T. Choi and Y. Ding and F. J. Hickernell and L. Jiang and {Ll . A. Jim\'enez Rugama} and D. Li and R. Jagadeeswaran and X. Tong and K. Zhang and Y. Zhang and X. Zhou},
	Howpublished = {MATLAB software},
	Pubtype = soft,
	Title = {{GAIL}: {G}uaranteed {A}utomatic {I}ntegration {L}ibrary (Versions 1.0--2.3)},
	Note = {\url{http://gailgithub.github.io/GAIL\_Dev/}},
	Year = {{2013--2019}}
	}
	
@misc{HicEtal19,
	Author = {F. J. Hickernell and S.-C. T. Choi  and A. Sorokin},
	Howpublished = {MATLAB and Python 3 software},
	Pubtype = soft,
	Title = {{QMC} {Community Software}},
	Note = {\url{https://github.com/QMCSoftware/QMCSoftware}},
	Year = {2019. {\textit Work in progress}}
	}
	
@article{kuo2016application,
  title={Application of quasi-{Monte Carlo} methods to elliptic {PDEs} with random diffusion coefficients: a survey of analysis and implementation},
  author={Kuo, Frances Y and Nuyens, Dirk},
  journal={Foundations of Computational Mathematics},
  volume={16},
  number={6},
  pages={1631--1696},
  year={2016},
  publisher={Springer}
}	

@article{keister1996multidimensional,
  title={Multidimensional quadrature algorithms},
  author={Keister, Bradley D},
  journal={Computers in Physics},
  volume={10},
  number={2},
  pages={119--128},
  year={1996},
  publisher={AIP}
}

@misc{nuyensmagic,
  Author = {Nuyens, D},
  Howpublished = {MATLAB and Python software},
  Pubtype = soft,
  Title = {The magic point shop of {QMC} point generators and generating vectors},
  Note = {\url{https://people.cs.kuleuven.be/~dirk.nuyens/qmc-generators}},
  Year = {2018}
}