@misc{qmcpy,
  title="{QMCPy}: {QMC} {C}ommunity {S}oftware",
  author={Fred J. Hickernell and Sou-Cheng T. Choi and Aleksei Sorokin},
  year={2019},
  howpublished={\url{https://github.com/QMCSoftware/QMCSoftware.git}},
}

@misc{GAIL,
  title="{GAIL}: {G}uaranteed {A}utomatic {I}ntegration {L}ibrary (Version 2.3) [{MATLAB} {S}oftware]",
  author={Sou-Cheng T. Choi and Yuhan Ding and Fred J. Hickernell and Lan Jiang and Lluis Antoni Jimenez Rugama and Da Li and Jagadeeswaran Rathinavel and Xin Tong and Kan Zhang and Yizhi Zhang and Xuan Zhou},
  year={2019},
  howpublished={\url{http://gailgithub.github.io/GAIL_Dev/}},
}

@article{mcAuto,
  title="{M}onte {C}arlo {S}imulation, {A}utomatic {S}topping {C}riteria for",
  author={Fred J. Hickernell and Sou-Cheng T. Choi and Lan Jiang and Lluís Antoni and Jiménez Rugama},
  journal={Wiley StatRef: Statistics Reference Online},
  year={2018}
}

@misc{mps,
  title="Application of quasi-{M}onte {C}arlo methods to elliptic {PDE}s with random diffusion coefficients - a survey of analysis and implementation, Foundations of Computational Mathematics",
  author={F.Y. Kuo and D. Nuyens},
  year={2016},
  howpublished={\url{https://people.cs.kuleuven.be/~dirk.nuyens/qmc-generators/}}}
 
@book{keister,
  title="Multidimensional {Q}uadrature {A}lgorithms",
  author={B. D. Keister},
  volume = {10},
  year = {1996},
  pages = {119-122},
  publisher = {Computers in Physics}}   
  
 @incollection{giles2018multilevel,
  title="{M}ultilevel {M}onte {C}arlo methods for applications in finance",
  author={Giles, Michael B and Szpruch, Lukasz},
  booktitle={High-Performance Computing in Finance},
  pages={197--247},
  year={2018},
  publisher={Chapman and Hall/CRC}
}
