@inproceedings{choi2020quasi,
  title={Quasi-{M}onte {C}arlo Software},
  author={Choi, Sou-Cheng T and Hickernell, Fred J and Jagadeeswaran, Rathinavel and McCourt, Michael J and Sorokin, Aleksei G},
  booktitle={International Conference on Monte Carlo and Quasi-Monte Carlo Methods in Scientific Computing},
  pages={23--47},
  year={2020},
  organization={Springer}
}
